
@online{TNL,
  author  = {Tomáš Oberhuber and Jakub Klinkovský and Radek FUČÍK},
  title   = {Template Numerical Library},
  urldate = {2022-04-24},
  url     = {https://tnl-project.org/}
}

@online{GTest,
  author  = {GOOGLE{\ }LLC.},
  title   = {GoogleTest},
  urldate = {2022-05-04},
  url     = {https://github.com/google/googletest}
}

@book{ComputerArchitecture2011,
  author    = {John L. Hennessy and David A. Patterson},
  title     = {Computer architecture},
  subtitle  = {a quantitative approach},
  publisher = {Elsevier},
  address   = {Amsterdam},
  year      = {c2011},
  edition   = {5th ed},
  isbn      = {012383872x}
}

@book{ModernOperatingSystems2014,
  author    = {Andrew S. Tanenbaum and Herbert Bos},
  title     = {Modern operating systems},
  publisher = {Pearson},
  address   = {Boston},
  year      = {[2014].},
  edition   = {fourth edition},
  isbn      = {1292061421}
}

@online{AmpereNVIDIA,
  author = {NVIDIA{\ }Corporation},
  title   = {Nvidia Ampere GA102 GPU architecture},
  urldate = {2022-04-23},
  url     = {https://www.nvidia.com/content/PDF/nvidia-ampere-ga-102-gpu-architecture-whitepaper-v2.pdf}
}

@online{AMDThreadripper,
  author  = {Advanced{\ }Micro{\ }Devices,{\ }Inc.},
  title   = {AMD Ryzen™ Threadripper™ 3990X specifications},
  urldate = {2022-04-23},
  url     = {https://www.amd.com/en/product/9111}
}

@online{NVIDIAGPUHistory,
  organization  = {Fabien Sanglard},
  journal = {FABIEN SANGLARD'S WEBSITE},
  title   = {A history of NVIDIA stream multiprocessor},
  urldate = {2022-04-23},
  url     = {https://fabiensanglard.net/cuda/}
}

@online{CUDAProgramming,
  organization  = {NVIDIA Corporation},
  title   = {CUDA C++ programming guide},
  urldate = {2022-04-23},
  url     = {https://docs.nvidia.com/cuda/cuda-c-programming-guide/index.html}
}

@incollection{FlynnTaxonomy,
  author    = {Michael Flynn},
  booktitle = {Encyclopedia of Parallel Computing},
  title     = {Flynn’s Taxonomy},
  publisher = {Springer US},
  address   = {Boston, MA},
  year      = {2011},
  pages     = {689-697},
  isbn      = {978-0-387-09765-7},
  urldate   = {2022-04-23},
  doi       = {10.1007/978-0-387-09766-4_2},
  url       = {http://link.springer.com/10.1007/978-0-387-09766-4_2}
}

@online{SharedMemory,
  author  = {Mark Harris},
  journal = {NVIDIA Technical blog},
  title   = {Using Shared Memory in CUDA C/C++},
  urldate = {2022-04-23},
  url     = {https://developer.nvidia.com/blog/using-shared-memory-cuda-cc/}
}

@online{NVIDIANVCC,
  author  = {NVIDIA{\ }Corporation},
  title   = {CUDA toolkit documentation},
  urldate = {2022-04-23},
  url     = {https://docs.nvidia.com/cuda/cuda-compiler-driver-nvcc/index.html}
}

@online{NVProf,
  author  = {NVIDIA{\ }Corporation},
  title   = {Profiler User's Guide},
  urldate = {2022-05-07},
  url     = {https://docs.nvidia.com/cuda/profiler-users-guide/index.html}
}

@online{TNLArray,
  journal = {Template Numerical Library},
  title   = {Arrays tutorial},
  urldate = {2022-04-23},
  url     = {https://mmg-gitlab.fjfi.cvut.cz/doc/tnl/md_Tutorials_Arrays_tutorial_Arrays.html}
}

@online{TNLVector,
  journal = {Template Numerical Library},
  title   = {Vector tutorial},
  urldate = {2022-04-23},
  url     = {https://mmg-gitlab.fjfi.cvut.cz/doc/tnl/md_Tutorials_Vectors_tutorial_Vectors.html}
}

@online{TNLForLoop,
  journal = {Template Numerical Library},
  title   = {For loop tutorial},
  urldate = {2022-04-23},
  url     = {https://mmg-gitlab.fjfi.cvut.cz/doc/tnl/md_Tutorials_ForLoops_tutorial_ForLoops.html}
}

@online{TNLParallelReduce,
  journal = {Template Numerical Library},
  title   = {Flexible (parallel) reduction and prefix-sum tutorial},
  urldate = {2022-04-23},
  url     = {https://mmg-gitlab.fjfi.cvut.cz/doc/tnl/md_Tutorials_ReductionAndScan_tutorial_ReductionAndScan.html}
}

@online{LambdaCPP,
  journal = {Cppreference.com},
  title   = {Lambda expressions},
  urldate = {2022-04-23},
  url     = {https://en.cppreference.com/w/cpp/language/lambda}
}

@online{CUDA8,
  author  = {Vinod Grover and Jaydeep Marathe},
  journal = {NVIDIA Technical blog},
  title   = {New Compiler Features in CUDA 8},
  urldate = {2022-04-23},
  url     = {https://developer.nvidia.com/blog/new-compiler-features-cuda-8/}
}

@online{PartialDerivative,
  journal = {Encyclopedia of Mathematics},
  title   = {Partial derivative},
  urldate = {2022-04-23},
  url     = {https://encyclopediaofmath.org/wiki/Partial_derivative}
}

@online{OrdinaryDerivative,
  journal = {Encyclopedia of Mathematics},
  title   = {Derivative},
  urldate = {2022-04-23},
  url     = {https://encyclopediaofmath.org/wiki/Derivative}
}

@online{TaylorFormula,
  journal = {Encyclopedia of Mathematics},
  title   = {Taylor formula},
  urldate = {2022-04-23},
  url     = {https://encyclopediaofmath.org/wiki/Taylor_formula}
}

@book{zill2012first,
  author    = {Dennis G. Zill},
  title     = {A First Course in Differential Equations with Modeling Applications},
  publisher = {Cengage Learning},
  address   = {Boston},
  year      = {2013},
  edition   = {10th},
  isbn      = {1285401107}
}

@book{roychowdhury-2020,
  author    = {D. G. Roychowdhury},
  title     = {Computational Fluid Dynamics for Incompressible Flows},
  publisher = {CRC Press},
  year      = {2020-8-20},
  isbn      = {9780367809171},
  urldate   = {2022-04-23},
  doi       = {10.1201/9780367809171}
}

@online{Convolution,
  journal = {Encyclopedia of Mathematics},
  title   = {Convolution of functions},
  urldate = {2022-04-23},
  url     = {https://encyclopediaofmath.org/wiki/Convolution_of_functions}
}

@online{ConvolutionTheorem,
  journal = {Encyclopedia of Mathematics},
  title   = {Rectangle rule},
  urldate = {2022-04-23},
  url     = {http://encyclopediaofmath.org/index.php?title=Rectangle_rule}
}

@book{ProfessionalCUDAC,
  author    = {John Cheng and Max Grossman and Ty McKercher},
  title     = {Professional CUDA C programming},
  publisher = {John Wiley and Sons},
  address   = {Indianapolis},
  year      = {[2014].},
  isbn      = {978-1-118-73932-7}
}

@book{EvansPDE,
  author = {Lawrence Evans},
  title = {Partial Differential Equations},
  publisher = {American Mathematical Society},
  address = {Providence, Rhode Island},
  year = {2010-3-2},
  edition = {2},
  isbn = {9780821849743},
  doi = {10.1090/gsm/019},
}

@article{Convolve,
  title={Pushing the liits for 2D convolution computation on CUDA-enabled GPUs},
  author={Chen, Peng and Wahib, Mohamed and Takizawa, Shinichiro and Matsuoka, Satoshi},
  journal={IPSJ SIG Technical Report},
  number={22},
  year={2018}
}

@online{TypeErasure,
  author = {Arthur O'Dwyer},
  journal = {Arthur O'Dwyer blog},
  title = {What is Type Erasure?},
  urldate = {2022-05-09},
  url = {https://quuxplusone.github.io/blog/2019/03/18/what-is-type-erasure/}
}
